<?xml version="1.0" encoding="UTF-8"?>
<marc:collection xmlns:marc="http://www.loc.gov/MARC21/slim" xmlns:xsi="http://www.w3.org/2001/XMLSchema-instance"
	xsi:schemaLocation="http://www.loc.gov/MARC21/slim http://www.loc.gov/standards/marcxml/schema/MARC21slim.xsd">
	<marc:record>
		<marc:leader>04348ngm a2200601 a 4500</marc:leader>
		<marc:controlfield tag="006">m        z        </marc:controlfield>
		<marc:controlfield tag="007">cr bn        </marc:controlfield>
		<marc:controlfield tag="008">080805s19122008enk     s     000 0 eng d</marc:controlfield>
		<marc:datafield tag="024" ind1="7" ind2=" ">
			<marc:subfield code="a">0055-0000-3719-0000-0-0000-0000-0 .wmv</marc:subfield>
			<marc:subfield code="2">isan</marc:subfield>
		</marc:datafield>
		<marc:datafield tag="024" ind1="7" ind2=" ">
			<marc:subfield code="a">0055-0000-3719-0102-0-0000-0000-0 .wmv</marc:subfield>
			<marc:subfield code="2">isan</marc:subfield>
		</marc:datafield>
		<marc:datafield tag="024" ind1="7" ind2=" ">
			<marc:subfield code="a">0055-0000-3719-0202-0-0000-0000-0 .wmv</marc:subfield>
			<marc:subfield code="2">isan</marc:subfield>
		</marc:datafield>
		<marc:datafield tag="024" ind1="7" ind2=" ">
			<marc:subfield code="a">0055-0000-3719-0000-0-0000-0000-0 .mov</marc:subfield>
			<marc:subfield code="2">isan</marc:subfield>
		</marc:datafield>
		<marc:datafield tag="024" ind1="7" ind2=" ">
			<marc:subfield code="a">0055-0000-3719-0102-0-0000-0000-0 .mov</marc:subfield>
			<marc:subfield code="2">isan</marc:subfield>
		</marc:datafield>
		<marc:datafield tag="024" ind1="7" ind2=" ">
			<marc:subfield code="a">0055-0000-3719-0202-0-0000-0000-0 .mov</marc:subfield>
			<marc:subfield code="2">isan</marc:subfield>
		</marc:datafield>
		<marc:datafield tag="024" ind1="7" ind2=" ">
			<marc:subfield code="a">0055-0000-3719-0000-0-0000-0000-0 .jpg</marc:subfield>
			<marc:subfield code="2">isan</marc:subfield>
		</marc:datafield>
		<marc:datafield tag="024" ind1="7" ind2=" ">
			<marc:subfield code="a">0055-0000-3719-0102-0-0000-0000-0 .jpg</marc:subfield>
			<marc:subfield code="2">isan</marc:subfield>
		</marc:datafield>
		<marc:datafield tag="024" ind1="7" ind2=" ">
			<marc:subfield code="a">0055-0000-3719-0202-0-0000-0000-0 .jpg</marc:subfield>
			<marc:subfield code="2">isan</marc:subfield>
		</marc:datafield>
		<marc:datafield tag="040" ind1=" " ind2=" ">
			<marc:subfield code="d">UtOrBLW</marc:subfield>
		</marc:datafield>
		<marc:datafield tag="245" ind1="0" ind2="2">
			<marc:subfield code="a">A day at Gebel Moya, season 1912-13</marc:subfield>
			<marc:subfield code="h">[electronic resource].</marc:subfield>
		</marc:datafield>
		<marc:datafield tag="260" ind1=" " ind2=" ">
			<marc:subfield code="a">[S.l. :</marc:subfield>
			<marc:subfield code="b">s.n.],</marc:subfield>
			<marc:subfield code="c">1912-1913.</marc:subfield>
		</marc:datafield>
		<marc:datafield tag="300" ind1=" " ind2=" ">
			<marc:subfield code="a">1 encoded moving image (13 min.)</marc:subfield>
			<marc:subfield code="b">si., b&amp;w.</marc:subfield>
		</marc:datafield>
		<marc:datafield tag="306" ind1=" " ind2=" ">
			<marc:subfield code="a">001242</marc:subfield>
		</marc:datafield>
		<marc:datafield tag="505" ind1="2" ind2="0">
			<marc:subfield code="g">Segment 1 </marc:subfield>
			<marc:subfield code="a">An intertitle announces the beginning of 'Part Three' (Parts 1 &amp; 2 are lost). Scenes of goats being herded by Sudanese people are shown, as well as shots of the surrounding countryside, camels drinking from the lake and a procession of pack animals walking along. Women are also shown collecting water from the lake. The excavation site is also shown, with local people working on it. A sports event is also organised, with local people taking part in races. The spectators wave at the camera. Sir Henry Wellcome cycles towards the camera, with local children running alongside him. Sir Henry Wellcome is also seen with other westerners watching the races. </marc:subfield>
			<marc:subfield code="b">Time start: 00:00:00:00</marc:subfield>
			<marc:subfield code="c">Time end: 00:06:23:02</marc:subfield>
			<marc:subfield code="d">Length: 00:06:23:02</marc:subfield>
		</marc:datafield>
		<marc:datafield tag="505" ind1="2" ind2="0">
			<marc:subfield code="g">Segment 2 </marc:subfield>
			<marc:subfield code="a">The village's goats and cattle are seen being herded, and the villagers drawing water from their well. The camera pans across the excavation site, showing Sir Henry Wellcome walking through it. A line of Sudanese people is seen, all of them holding books. The last shot is of the site from a distance, also showing the village huts. </marc:subfield>
			<marc:subfield code="b">Time start: 00:06:23:02</marc:subfield>
			<marc:subfield code="c">Time end: 00:12:42:15</marc:subfield>
			<marc:subfield code="d">Length: 00:06:19:13</marc:subfield>
		</marc:datafield>
		<marc:datafield tag="500" ind1=" " ind2=" ">
			<marc:subfield code="a">This item forms part of the correctly compiled films of the same title, shelfmark 376.</marc:subfield>
		</marc:datafield>
		<marc:datafield tag="508" ind1=" " ind2=" ">
			<marc:subfield code="a">Wellcome Foundation Ltd.</marc:subfield>
		</marc:datafield>
		<marc:datafield tag="506" ind1=" " ind2=" ">
			<marc:subfield code="a">Unrestricted</marc:subfield>
		</marc:datafield>
		<marc:datafield tag="520" ind1=" " ind2=" ">
			<marc:subfield code="a">Scenes of everyday life, archaeological digging and communal sports and recreation at Gebel (or Jebel) Moya, an archaeological site in the Sudan, excavated by Sir Henry Wellcome between 1911 and 1914 as a public works project. Includes scenes of Sir Henry bicycling surrounded by Sudanese children, inspecting the excavations and consulting with archaeologists and officials. </marc:subfield>
			<marc:subfield code="c">2 segments.</marc:subfield>
		</marc:datafield>
		<marc:datafield tag="521" ind1=" " ind2=" ">
			<marc:subfield code="a">General public</marc:subfield>
		</marc:datafield>
		<marc:datafield tag="546" ind1=" " ind2=" ">
			<marc:subfield code="a">In English.</marc:subfield>
		</marc:datafield>
		<marc:datafield tag="593" ind1=" " ind2=" ">
			<marc:subfield code="a">Wellcome Trust 2008</marc:subfield>
		</marc:datafield>
		<marc:datafield tag="599" ind1=" " ind2=" ">
			<marc:subfield code="a">wfx</marc:subfield>
		</marc:datafield>
		<marc:datafield tag="599" ind1=" " ind2=" ">
			<marc:subfield code="a">mn</marc:subfield>
		</marc:datafield>
		<marc:datafield tag="599" ind1=" " ind2=" ">
			<marc:subfield code="a">Batch 1</marc:subfield>
		</marc:datafield>
		<marc:datafield tag="599" ind1=" " ind2=" ">
			<marc:subfield code="a">Internet Archive</marc:subfield>
		</marc:datafield>
		<marc:datafield tag="650" ind1=" " ind2="2">
			<marc:subfield code="a">Archaeology.</marc:subfield>
		</marc:datafield>
		<marc:datafield tag="650" ind1=" " ind2="2">
			<marc:subfield code="a">History of Medicine.</marc:subfield>
		</marc:datafield>
		<marc:datafield tag="651" ind1=" " ind2="0">
			<marc:subfield code="a">Jebel Moya (Sudan)</marc:subfield>
		</marc:datafield>
		<marc:datafield tag="655" ind1=" " ind2="7">
			<marc:subfield code="a">Encoded moving images.</marc:subfield>
			<marc:subfield code="2">local</marc:subfield>
		</marc:datafield>
		<marc:datafield tag="690" ind1=" " ind2=" ">
			<marc:subfield code="a">Archaeology</marc:subfield>
		</marc:datafield>
		<marc:datafield tag="690" ind1=" " ind2=" ">
			<marc:subfield code="a">Sudan</marc:subfield>
		</marc:datafield>
		<marc:datafield tag="700" ind1="1" ind2=" ">
			<marc:subfield code="a">Wellcome, Henry S.</marc:subfield>
			<marc:subfield code="q">(Henry Solomon),</marc:subfield>
			<marc:subfield code="c">Sir,</marc:subfield>
			<marc:subfield code="d">1853-1936.</marc:subfield>
		</marc:datafield>
		<marc:datafield tag="759" ind1=" " ind2=" ">
			<marc:subfield code="a">digfilm</marc:subfield>
		</marc:datafield>
		<marc:datafield tag="856" ind1="1" ind2=" ">
			<marc:subfield code="u">http://creativecommons.org/licenses/by-nc-sa/3.0/ </marc:subfield>
			<marc:subfield code="z">Creative Commons Attribution-Noncommercial-Share Alike 3.0 Unported</marc:subfield>
		</marc:datafield>
		<marc:datafield tag="856" ind1="4" ind2="1">
			<marc:subfield code="u">http://jiscmediahub.ac.uk/</marc:subfield>
			<marc:subfield code="z">Login for JISC Mediahub</marc:subfield>
		</marc:datafield>
		<marc:datafield tag="856" ind1="4" ind2="1">
			<marc:subfield code="u">http://film.wellcome.ac.uk:15151/0055-0000-3719-0000-0-0000-0000-0-HI.mp4</marc:subfield>
			<marc:subfield code="z">Download entire title</marc:subfield>
		</marc:datafield>
		<marc:datafield tag="907" ind1=" " ind2=" ">
			<marc:subfield code="a">.b16673104</marc:subfield>
			<marc:subfield code="b">28-03-12</marc:subfield>
			<marc:subfield code="c">05-08-08</marc:subfield>
		</marc:datafield>
		<marc:datafield tag="998" ind1=" " ind2=" ">
			<marc:subfield code="a">digi</marc:subfield>
			<marc:subfield code="b">05-08-08</marc:subfield>
			<marc:subfield code="c">m</marc:subfield>
			<marc:subfield code="d">f</marc:subfield>
			<marc:subfield code="e">-</marc:subfield>
			<marc:subfield code="f">eng</marc:subfield>
			<marc:subfield code="g">enk</marc:subfield>
			<marc:subfield code="h">2</marc:subfield>
			<marc:subfield code="i">0</marc:subfield>
		</marc:datafield>
		<marc:datafield tag="907" ind1=" " ind2=" ">
			<marc:subfield code="a">.b16673104</marc:subfield>
		</marc:datafield>
		<marc:datafield tag="962" ind1=" " ind2=" ">
			<marc:subfield code="a">000:000:URL:b1667310:000234:0:0:0:0:0:0</marc:subfield>
			<marc:subfield code="t">Entire title</marc:subfield>
			<marc:subfield code="v">n</marc:subfield>
			<marc:subfield code="u">http://film.wellcome.ac.uk:15151/mediaplayer.html?0055-0000-3719-0000-0-0000-0000-0</marc:subfield>
			<marc:subfield code="e">http://film.wellcome.ac.uk:15151/0055-0000-3719-0000-0-0000-0000-0.jpg</marc:subfield>
		</marc:datafield>
		<marc:datafield tag="962" ind1=" " ind2=" ">
			<marc:subfield code="a">000:000:URL:b1667310:000237:0:0:0:0:0:0</marc:subfield>
			<marc:subfield code="t">Segment 1 </marc:subfield>
			<marc:subfield code="v">n</marc:subfield>
			<marc:subfield code="u">http://film.wellcome.ac.uk:15151/mediaplayer.html?0055-0000-3719-0102-0-0000-0000-0</marc:subfield>
			<marc:subfield code="e">http://film.wellcome.ac.uk:15151/0055-0000-3719-0102-0-0000-0000-0.jpg</marc:subfield>
		</marc:datafield>
		<marc:datafield tag="962" ind1=" " ind2=" ">
			<marc:subfield code="a">000:000:URL:b1667310:000240:0:0:0:0:0:0</marc:subfield>
			<marc:subfield code="t">Segment 2</marc:subfield>
			<marc:subfield code="v">n</marc:subfield>
			<marc:subfield code="u">http://film.wellcome.ac.uk:15151/mediaplayer.html?0055-0000-3719-0202-0-0000-0000-0</marc:subfield>
			<marc:subfield code="e">http://film.wellcome.ac.uk:15151/0055-0000-3719-0202-0-0000-0000-0.jpg</marc:subfield>
		</marc:datafield>
		<marc:datafield tag="998" ind1=" " ind2=" ">
			<marc:subfield code="a">digi</marc:subfield>
			<marc:subfield code="b">05-08-08</marc:subfield>
			<marc:subfield code="c">m</marc:subfield>
			<marc:subfield code="d">f</marc:subfield>
			<marc:subfield code="e">a</marc:subfield>
			<marc:subfield code="f">eng</marc:subfield>
			<marc:subfield code="g">enk</marc:subfield>
			<marc:subfield code="h">2</marc:subfield>
			<marc:subfield code="i">0</marc:subfield>
		</marc:datafield>
		<marc:controlfield tag="001">b16673104</marc:controlfield>
	</marc:record>
</marc:collection>

